<record><leader>00000cas a2200000 a 4500</leader><controlfield tag="001">28187064</controlfield><controlfield tag="008">930601d18981933nyudn ne      0    0eng c</controlfield><datafield ind1=" " ind2=" " tag="010"><subfield code="a">sn 93063616 </subfield></datafield><datafield ind1=" " ind2=" " tag="040"><subfield code="a">NYS</subfield><subfield code="b">eng</subfield><subfield code="c">NYS</subfield><subfield code="d">OCLCQ</subfield><subfield code="d">OCLCF</subfield><subfield code="d">OCLCO</subfield></datafield><datafield ind1="1" ind2=" " tag="029"><subfield code="a">AU@</subfield><subfield code="b">000020744477</subfield></datafield><datafield ind1=" " ind2=" " tag="042"><subfield code="a">pcc</subfield></datafield><datafield ind1=" " ind2=" " tag="043"><subfield code="a">n-us-ny</subfield></datafield><datafield ind1="0" ind2=" " tag="130"><subfield code="a">Ogdensburg news (Ogdensburg, N.Y. : 1898)</subfield></datafield><datafield ind1="1" ind2="0" tag="245"><subfield code="a">Ogdensburg news.</subfield></datafield><datafield ind1="1" ind2="3" tag="246"><subfield code="a">News</subfield></datafield><datafield ind1=" " ind2=" " tag="260"><subfield code="a">Ogdensburg, N.Y. :</subfield><subfield code="b">Ogdensburg News Co.</subfield></datafield><datafield ind1=" " ind2=" " tag="300"><subfield code="a">v.</subfield></datafield><datafield ind1=" " ind2=" " tag="310"><subfield code="a">Daily (except Monday)</subfield></datafield><datafield ind1="1" ind2=" " tag="362"><subfield code="a">Began in 1898; ceased in 1933.</subfield></datafield><datafield ind1=" " ind2=" " tag="588"><subfield code="a">Description based on: 17th year, no. 4,128 (Apr. 1, 1898).</subfield></datafield><datafield ind1=" " ind2=" " tag="588"><subfield code="a">Latest issue consulted: Dec. 31, 1922.</subfield></datafield><datafield ind1=" " ind2="0" tag="651"><subfield code="a">Ogdensburg (N.Y.)</subfield><subfield code="v">Newspapers.</subfield></datafield><datafield ind1=" " ind2="0" tag="651"><subfield code="a">Saint Lawrence County (N.Y.)</subfield><subfield code="v">Newspapers.</subfield></datafield><datafield ind1=" " ind2="7" tag="655"><subfield code="a">Newspapers.</subfield><subfield code="2">fast</subfield><subfield code="0">(OCoLC)fst01423814</subfield></datafield><datafield ind1=" " ind2="7" tag="651"><subfield code="a">New York (State)</subfield><subfield code="z">Ogdensburg.</subfield><subfield code="2">fast</subfield><subfield code="0">(OCoLC)fst01205287</subfield></datafield><datafield ind1=" " ind2="7" tag="651"><subfield code="a">New York (State)</subfield><subfield code="z">Saint Lawrence County.</subfield><subfield code="2">fast</subfield><subfield code="0">(OCoLC)fst01202920</subfield></datafield><datafield ind1=" " ind2=" " tag="752"><subfield code="a">United States</subfield><subfield code="b">New York</subfield><subfield code="c">Saint Lawrence</subfield><subfield code="d">Ogdensburg.</subfield></datafield><datafield ind1="0" ind2="0" tag="780"><subfield code="t">Ogdensburg daily news</subfield><subfield code="w">(DLC)sn 93063615</subfield><subfield code="w">(OCoLC)28187063</subfield></datafield><datafield ind1="0" ind2="7" tag="785"><subfield code="t">Ogdensburg advance. St. Lawrence Sunday Democrat</subfield><subfield code="w">(DLC)sn 89071107</subfield><subfield code="w">(OCoLC)19117160</subfield></datafield><datafield ind1="0" ind2="7" tag="785"><subfield code="t">Advance-news</subfield><subfield code="w">(DLC)sn 89071106</subfield><subfield code="w">(OCoLC)19117149</subfield></datafield></record>